


%%%%%%%%%%%%%%%%%%%%%%%%%%%%%%%%%%%%
%%%%%%%%%   Actividad Estelar 

@BOOK{1957isss.book.....C,
   author = {{Chandrasekhar}, S.},
    title = "{An introduction to the study of stellar structure.}",
 keywords = {ASTROPHYSICS},
booktitle = {[New York] Dover Publications [1957]},
     year = 1957,
   adsurl = {http://adsabs.harvard.edu/abs/1957isss.book.....C},
  adsnote = {Provided by the SAO/NASA Astrophysics Data System}
}

@ARTICLE{1987S&T....73Q.395M,
   author = {{Mihalas}, D. and {Winkler}, K.~H.~A.},
    title = "{Book-Review - Radiation Hydrodynamics in Stars and Compact Objects}",
  journal = {ApJ},
     year = 1987,
    month = apr,
   volume = 73,
    pages = {395},
   adsurl = {http://adsabs.harvard.edu/abs/1987S$\%$26T....73Q.395M},
  adsnote = {Provided by the SAO/NASA Astrophysics Data System}
}

@BOOK{1963aass.book.....A,
   author = {{Aller}, L.~H.},
    title = "{Astrophysics. The atmospheres of the sun and stars}",
 keywords = {SOLAR ATMOSPHERE, STELLAR ATMOSPHERES, ASTROPHYSICS},
booktitle = {New York: Ronald Press, 1963, 2nd ed.},
     year = 1963,
   adsurl = {http://adsabs.harvard.edu/abs/1963aass.book.....A},
  adsnote = {Provided by the SAO/NASA Astrophysics Data System}
}



@ARTICLE{2000PhT....53j..77C,
   author = {{Cox}, A.~N. and {Pilachowski}, C.~A.},
    title = "{Allen's Astrophysical Quantities}",
  journal = {Physics Today},
     year = 2000,
    month = oct,
   volume = 53,
   number = 10,
    pages = {77},
      doi = {10.1063/1.1325201},
   adsurl = {http://adsabs.harvard.edu/abs/2000PhT....53j..77C},
  adsnote = {Provided by the SAO/NASA Astrophysics Data System}
}

@ARTICLE{1983Ap&SS..90..217P,
   author = {{Piddington}, J.~H.},
    title = "{On the origin and structure of stellar magnetic fields}",
  journal = {Ap$\&$SS},
 keywords = {Magnetic Field Configurations, Magnetic Flux, Magnetohydrodynamics, Solar Magnetic Field, Stellar Evolution, Stellar Magnetic Fields, Dynamo Theory, Interstellar Magnetic Fields, Magnetic Dipoles, Magnetic Stars, Neutron Stars, Poloidal Flux, Solar Atmosphere, Solar Rotation, White Dwarf Stars},
     year = 1983,
    month = feb,
   volume = 90,
    pages = {217-230},
      doi = {10.1007/BF00651562},
   adsurl = {http://adsabs.harvard.edu/abs/1983Ap$\%$26SS..90..217P},
  adsnote = {Provided by the SAO/NASA Astrophysics Data System}
}

@ARTICLE{1986ApJS...62..229L,
   author = {{Labonte}, B.~J.},
    title = "{Spectra of plages on the sun and stars. I - CA II H and K lines.}",
  journal = {ApJs},
 keywords = {Faculae, Solar Spectra, Stellar Activity, Stellar Magnetic Fields, Stellar Spectra, Calcium, Emission Spectra, Metallicity, Photosphere, Potassium, Stellar Gravitation, Stellar Temperature},
     year = 1986,
    month = sep,
   volume = 62,
    pages = {229-239},
      doi = {10.1086/191137},
   adsurl = {http://adsabs.harvard.edu/abs/1986ApJS...62..229L},
  adsnote = {Provided by the SAO/NASA Astrophysics Data System}
}

@ARTICLE{1976Sci...192.1189E,
   author = {{Eddy}, J.~A.},
    title = "{The Maunder Minimum}",
  journal = {Science},
     year = 1976,
    month = jun,
   volume = 192,
    pages = {1189-1202},
      doi = {10.1126/science.192.4245.1189},
   adsurl = {http://adsabs.harvard.edu/abs/1976Sci...192.1189E},
  adsnote = {Provided by the SAO/NASA Astrophysics Data System}
}

@ARTICLE{1955ApJ...122..293P,
   author = {{Parker}, E.~N.},
    title = "{Hydromagnetic Dynamo Models.}",
  journal = {ApJ},
     year = 1955,
    month = sep,
   volume = 122,
    pages = {293},
      doi = {10.1086/146087},
   adsurl = {http://adsabs.harvard.edu/abs/1955ApJ...122..293P},
  adsnote = {Provided by the SAO/NASA Astrophysics Data System}
}

@BOOK{1998pfp..book.....C,
   author = {{Choudhuri}, A.~R.},
    title = "{The physics of fluids and plasmas : an introduction for astrophysicists /}",
booktitle = {Philosophy and Foundations of Physics},
     year = 1998,
    month = nov,
   adsurl = {http://adsabs.harvard.edu/abs/1998pfp..book.....C},
  adsnote = {Provided by the SAO/NASA Astrophysics Data System}
}

@article{lrsp-2005-8,
  title    = {Starspots: A Key to the Stellar Dynamo},
  author   = {Svetlana V. Berdyugina},
  journal  = {Living Reviews in Solar Physics},
  year     = {2005},
  number   = {8},
  volume   = {2},
  keywords = {Starspots, Stellar cycles, Doppler imaging, Differential rotation, Sunspots, Stellar magnetic fields, Dynamo models},
  doi      = {10.1007/lrsp-2005-8},
  url      = {http://www.livingreviews.org/lrsp-2005-8}
}
%
% Note: Encoded in UTF-8! To use with TeX, adapt the encoding 
% (with tools 'recode' or 'iconv') or use the ucs package 
% (http://ctan.org/tex-archive/macros/latex/contrib/ucs)
%

@ARTICLE{1999A&A...347..932B,
   author = {{Berdyugina}, S.~V. and {Ilyin}, I. and {Tuominen}, I.},
    title = "{The long-period RS Canum Venaticorum binary IM Pegasi. I. Orbital and stellar parameters}",
  journal = {A$\&$A},
 keywords = {STARS: ABUNDANCES, STARS: ACTIVITY, STARS: BINARIES: SPECTROSCOPIC, STARS: FUNDAMENTAL PARAMETERS, STARS: INDIVIDUAL: IM PEG, STARS: LATE-TYPE},
     year = 1999,
    month = jul,
   volume = 347,
    pages = {932-936},
   adsurl = {http://adsabs.harvard.edu/abs/1999A$\%$26A...347..932B},
  adsnote = {Provided by the SAO/NASA Astrophysics Data System}
}

@ARTICLE{1998A&A...339..309L,
   author = {{Lanza}, A.~F. and {Catalano}, S. and {Cutispoto}, G. and {Pagano}, I. and 
	{Rodono}, M.},
    title = "{Erratum: Long-term starspot evolution, activity cycle and orbital period variation of AR Lacertae.}",
  journal = {A$\&$A},
     year = 1998,
    month = nov,
   volume = 339,
    pages = {309},
   adsurl = {http://adsabs.harvard.edu/abs/1998A$\%$26A...339..309L},
  adsnote = {Provided by the SAO/NASA Astrophysics Data System}
}

@INPROCEEDINGS{1976ASSL...60..287H,
   author = {{Hall}, D.~S.},
    title = "{The RS CVn Binaries and Binaries with Similar PROPERTIÉS}",
booktitle = {IAU Colloq. 29: Multiple Periodic Variable Stars},
     year = 1976,
   series = {Astrophysics and Space Science Library},
   volume = 60,
   editor = {{Fitch}, W.~S.},
    pages = {287},
      doi = {10.1007/978-94-010-1175-4_15},
   adsurl = {http://adsabs.harvard.edu/abs/1976ASSL...60..287H},
  adsnote = {Provided by the SAO/NASA Astrophysics Data System}
}


@ARTICLE{1978ApJ...226..379W,
   author = {{Wilson}, O.~C.},
    title = "{Chromospheric variations in main-sequence stars}",
  journal = {ApJ},
 keywords = {Chromosphere, Late Stars, Main Sequence Stars, Periodic Variations, Stellar Atmospheres, Calcium, Emission Spectra, Graphs (Charts), Reference Stars, Tables (Data)},
     year = 1978,
    month = dec,
   volume = 226,
    pages = {379-396},
      doi = {10.1086/156618},
   adsurl = {http://adsabs.harvard.edu/abs/1978ApJ...226..379W},
  adsnote = {Provided by the SAO/NASA Astrophysics Data System}
}
%%%%%%%%%%%%%%%%%%%%%%%
%%%%%%  HD 17925

@ARTICLE{1999A&AS..135..319H,
   author = {{Hünsch}, M. and {Schmitt}, J.~H.~M.~M. and {Sterzik}, M.~F. and 
	{Voges}, W.},
    title = "{The ROSAT all-sky survey catalogue of the nearby stars}",
  journal = {A$\&$As},
 keywords = {STARS: ACTIVITY, STARS: CORONAE, STARS: LATE-TYPE, X-RAYS: STARS},
     year = 1999,
    month = mar,
   volume = 135,
    pages = {319-338},
      doi = {10.1051/aas:1999169},
   adsurl = {http://adsabs.harvard.edu/abs/1999A$\%$26AS..135..319H},
  adsnote = {Provided by the SAO/NASA Astrophysics Data System}
}

@ARTICLE{1997A&A...321..492M,
   author = {{Martin}, E.~L.},
    title = "{Quantitative spectroscopic criteria for the classification of pre-main sequence low-mass stars.}",
  journal = {A$\&$A},
 keywords = {STARS: PRE-MAIN SEQUENCE, FUNDAMENTAL PARAMETERS, X-RAYS: STARS},
     year = 1997,
    month = may,
   volume = 321,
    pages = {492-496},
   adsurl = {http://cdsads.u-strasbg.fr/abs/1997A$\%$26A...321..492M},
  adsnote = {Provided by the SAO/NASA Astrophysics Data System}
}

@ARTICLE{2016A&A...586A..14H,
   author = {{Hempelmann}, A. and {Mittag}, M. and {Gonzalez-Perez}, J.~N. and 
	{Schmitt}, J.~H.~M.~M. and {Schröder}, K.~P. and {Rauw}, G.
	},
    title = "{Measuring rotation periods of solar-like stars using TIGRE. A study of periodic CaII H+K S-index variability}",
  journal = {A$\&$A},
 keywords = {stars: activity, stars: solar-type, stars: rotation},
     year = 2016,
    month = feb,
   volume = 586,
      eid = {A14},
    pages = {A14},
      doi = {10.1051/0004-6361/201526972},
   adsurl = {http://adsabs.harvard.edu/abs/2016A$\%$26A...586A..14H},
  adsnote = {Provided by the SAO/NASA Astrophysics Data System}
}

%%%%%%%%%%%%%%%%%%%%%%%%%%%
%%%%%%%% HD 23249
@ARTICLE{1996ApJ...457L..99B,
   author = {{Baliunas}, S. and {Sokoloff}, D. and {Soon}, W.},
    title = "{Magnetic Field and Rotation in Lower Main-Sequence Stars: an Empirical Time-dependent Magnetic Bode's Relation?}",
  journal = {ApJl},
 keywords = {STARS: MAGNETIC FIELDS, STARS: ROTATION},
     year = 1996,
    month = feb,
   volume = 457,
    pages = {L99},
      doi = {10.1086/309891},
   adsurl = {http://adsabs.harvard.edu/abs/1996ApJ...457L..99B},
  adsnote = {Provided by the SAO/NASA Astrophysics Data System}
}

@ARTICLE{1995ApJ...438..269B,
   author = {{Baliunas}, S.~L. and {Donahue}, R.~A. and {Soon}, W.~H. and 
	{Horne}, J.~H. and {Frazer}, J. and {Woodard-Eklund}, L. and 
	{Bradford}, M. and {Rao}, L.~M. and {Wilson}, O.~C. and {Zhang}, Q. and 
	{Bennett}, W. and {Briggs}, J. and {Carroll}, S.~M. and {Duncan}, D.~K. and 
	{Figueroa}, D. and {Lanning}, H.~H. and {Misch}, T. and {Mueller}, J. and 
	{Noyes}, R.~W. and {Poppe}, D. and {Porter}, A.~C. and {Robinson}, C.~R. and 
	{Russell}, J. and {Shelton}, J.~C. and {Soyumer}, T. and {Vaughan}, A.~H. and 
	{Whitney}, J.~H.},
    title = "{Chromospheric variations in main-sequence stars}",
  journal = {ApJ},
 keywords = {Chromosphere, Emission Spectra, Main Sequence Stars, Stellar Activity, Stellar Evolution, Variations, Calcium, Flux Density, H Lines, K Lines, Stellar Magnetic Fields, Stellar Rotation},
     year = 1995,
    month = jan,
   volume = 438,
    pages = {269-287},
      doi = {10.1086/175072},
   adsurl = {http://adsabs.harvard.edu/abs/1995ApJ...438..269B},
  adsnote = {Provided by the SAO/NASA Astrophysics Data System}
}

%%%%%%%%%%%%%%%%%%%%%%%%%%%
%%%%%%%% HD 35850
@ARTICLE{2010AJ....140..206K,
   author = {{Kataria}, T. and {Simon}, M.},
    title = "{Detectability of Exoplanets in the {$\beta$} Pic Moving Group with the Gemini Planet Imager}",
  journal = {Acta Astron.},
archivePrefix = "arXiv",
   eprint = {1005.0770},
 primaryClass = "astro-ph.SR",
 keywords = {instrumentation: high angular resolution, open clusters and associations: individual: Beta Pic Moving Group, planet and satellites: detection},
     year = 2010,
    month = jul,
   volume = 140,
    pages = {206-214},
      doi = {10.1088/0004-6256/140/1/206},
   adsurl = {http://cdsads.u-strasbg.fr/abs/2010AJ....140..206K},
  adsnote = {Provided by the SAO/NASA Astrophysics Data System}
}

@ARTICLE{2007ApJS..168..297T,
   author = {{Takeda}, G. and {Ford}, E.~B. and {Sills}, A. and {Rasio}, F.~A. and 
	{Fischer}, D.~A. and {Valenti}, J.~A.},
    title = "{Structure and Evolution of Nearby Stars with Planets. II. Physical Properties of \~{}1000 Cool Stars from the SPOCS Catalog}",
  journal = {ApJS},
   eprint = {astro-ph/0607235},
 keywords = {Stars: Planetary Systems, Stars: Fundamental Parameters, Stars: Interiors},
     year = 2007,
    month = feb,
   volume = 168,
    pages = {297-318},
      doi = {10.1086/509763},
   adsurl = {http://cdsads.u-strasbg.fr/abs/2007ApJS..168..297T},
  adsnote = {Provided by the SAO/NASA Astrophysics Data System}
}

@ARTICLE{2009A&A...497..409R,
   author = {{Roccatagliata}, V. and {Henning}, T. and {Wolf}, S. and {Rodmann}, J. and 
	{Corder}, S. and {Carpenter}, J.~M. and {Meyer}, M.~R. and {Dowell}, D.
	},
    title = "{Long-wavelength observations of debris discs around sun-like stars}",
  journal = {A$\&$A},
archivePrefix = "arXiv",
   eprint = {0902.0338},
 primaryClass = "astro-ph.SR",
 keywords = {circumstellar matter, planetary systems: formation, stars: late-type, Kuiper Belt},
     year = 2009,
    month = apr,
   volume = 497,
    pages = {409-421},
      doi = {10.1051/0004-6361/200811018},
   adsurl = {http://cdsads.u-strasbg.fr/abs/2009A$\%$26A...497..409R},
  adsnote = {Provided by the SAO/NASA Astrophysics Data System}
}

@ARTICLE{2016arXiv161204591M,
   author = {{Messina}, S. and {Millward}, M. and {Buccino}, A. and {Zhang}, L. and 
	{Medhi}, B.~J. and {Jofre'}, E. and {Petrucci}, R. and {Pi}, Q. and 
	{Hambsch}, F.-J. and {Kehusmaa}, P. and {Harlingten}, C. and 
	{Artemenko}, S. and {Curtis}, I. and {Hentunen}, V.-P. and {Malo}, L. and 
	{Mauas}, P. and {Monard}, B. and {Muro Serrano}, M. and {Naves}, R. and 
	{Santallo}, R. and {Savuskin}, A. and {Tan}, T.~G.},
    title = "{The beta Pictoris association: Catalog of photometric rotational periods of low-mass members and candidate members}",
  journal = {ArXiv e-prints},
archivePrefix = "arXiv",
   eprint = {1612.04591},
 primaryClass = "astro-ph.SR",
 keywords = {Astrophysics - Solar and Stellar Astrophysics, Astrophysics - Earth and Planetary Astrophysics},
     year = 2016,
    month = dec,
   adsurl = {http://adsabs.harvard.edu/abs/2016arXiv161204591M},
  adsnote = {Provided by the SAO/NASA Astrophysics Data System}
}

@ARTICLE{2002PASA...19..527B,
   author = {{Budding}, E. and {Carter}, B.~D. and {Mengel}, M.~W. and {Slee}, O.~B. and 
	{Donati}, J.-F.},
    title = "{A Radio and Optical Study of the Active Young F Star HR1817 (=HD35850)}",
  journal = {PASA},
     year = 2002,
   volume = 19,
    pages = {527-533},
      doi = {10.1071/AS02021},
   adsurl = {http://adsabs.harvard.edu/abs/2002PASA...19..527B},
  adsnote = {Provided by the SAO/NASA Astrophysics Data System}
}

@ARTICLE{1999ApJ...515..423G,
   author = {{Gagné}, M. and {Valenti}, J.~A. and {Linsky}, J.~L. and 
	{Tagliaferri}, G. and {Covino}, S. and {Güdel}, M.},
    title = "{The Active Corona of HD 35850 (F8 V)}",
  journal = {ApJ},
   eprint = {astro-ph/9812270},
 keywords = {STARS: CORONAE, STARS: INDIVIDUAL (HD 35850), STARS: LATE-TYPE, STARS: ROTATION, ULTRAVIOLET: STARS, X-RAYS: STARS, Stars: Coronae, stars: individual (HD 35850), Stars: Late-Type, Stars: Rotation, Ultraviolet: Stars, X-Rays: Stars},
     year = 1999,
    month = apr,
   volume = 515,
    pages = {423-434},
      doi = {10.1086/307009},
   adsurl = {http://adsabs.harvard.edu/abs/1999ApJ...515..423G},
  adsnote = {Provided by the SAO/NASA Astrophysics Data System}
}

%%%%%%%%%%%%%%%%%%%%%%%%%%%
%%%%%%%%% HD 37572

@ARTICLE{2010A&A...520A..15M,
   author = {{Messina}, S. and {Desidera}, S. and {Turatto}, M. and {Lanzafame}, A.~C. and 
	{Guinan}, E.~F.},
    title = "{RACE-OC project: Rotation and variability of young stellar associations within 100 pc}",
  journal = {A$\&$A},
 keywords = {stars: activity, stars: late-type, stars: rotation, starspots, open clusters and associations: general, stars: pre-main sequence},
     year = 2010,
    month = sep,
   volume = 520,
      eid = {A15},
    pages = {A15},
      doi = {10.1051/0004-6361/200913644},
   adsurl = {http://cdsads.u-strasbg.fr/abs/2010A$\%$26A...520A..15M},
  adsnote = {Provided by the SAO/NASA Astrophysics Data System}
}

@ARTICLE{2011ApJ...732...61Z, 
   author = {{Zuckerman}, B. and {Rhee}, J.~H. and {Song}, I. and {Bessell}, M.~S.
	},
    title = "{The Tucana/Horologium, Columba, AB Doradus, and Argus Associations: New Members and Dusty Debris Disks}",
  journal = {ApJ},
archivePrefix = "arXiv",
   eprint = {1104.0284},
 primaryClass = "astro-ph.SR",
 keywords = {circumstellar matter, stars: evolution, stars: kinematics and dynamics, stars: pre-main sequence},
     year = 2011,
    month = may,
   volume = 732,
      eid = {61},
    pages = {61},
      doi = {10.1088/0004-637X/732/2/61},
   adsurl = {http://cdsads.u-strasbg.fr/abs/2011ApJ...732...61Z},
  adsnote = {Provided by the SAO/NASA Astrophysics Data System}
}

@ARTICLE{2009A&A...508..833D,
   author = {{da Silva}, L. and {Torres}, C.~A.~O. and {de La Reza}, R. and 
	{Quast}, G.~R. and {Melo}, C.~H.~F. and {Sterzik}, M.~F.},
    title = "{Search for associations containing young stars (SACY). III. Ages and Li abundances}",
  journal = {A$\&$A},
archivePrefix = "arXiv",
   eprint = {0909.0677},
 primaryClass = "astro-ph.SR",
 keywords = {stars: abundances, stars: pre-main sequence, stars: late-type, star: evolution},
     year = 2009,
    month = dec,
   volume = 508,
    pages = {833-839},
      doi = {10.1051/0004-6361/200911736},
   adsurl = {http://cdsads.u-strasbg.fr/abs/2009A%26A...508..833D},
  adsnote = {Provided by the SAO/NASA Astrophysics Data System}
}

@ARTICLE{2001A&A...366..215M,
   author = {{Messina}, S. and {Rodonó}, M. and {Guinan}, E.~F.},
    title = "{The ''rotation-activity connection'': Its extension to photospheric activity diagnostics}",
  journal = {A$\&$A},
 keywords = {STARS: ACTIVITY, LATE-TYPE, MAGNETIC FIELDS, ROTATION, STARSPOTS},
     year = 2001,
    month = jan,
   volume = 366,
    pages = {215-228},
      doi = {10.1051/0004-6361:20000201},
   adsurl = {http://adsabs.harvard.edu/abs/2001A$\%2$6A...366..215M},
  adsnote = {Provided by the SAO/NASA Astrophysics Data System}
}

%%%%%%%%%%%%%%%%%%%%%%%%%%
%%%%%%%% HD 41824

@ARTICLE{1999A&AS..138...87C,
   author = {{Cutispoto}, G. and {Pastori}, L. and {Tagliaferri}, G. and 
	{Messina}, S. and {Pallavicini}, R.},
    title = "{Classification of EUV stellar sources detected by the ROSAT WFC. I. Photometric and radial velocity studies}",
  journal = {A$\&$As},
 keywords = {STARS: ACTIVITY, STARS: LATE-TYPE, STARS: PRE-MAIN SEQUENCE, STARS: VARIABLES, X-RAYS: STARS},
     year = 1999,
    month = jul,
   volume = 138,
    pages = {87-99},
      doi = {10.1051/aas:1999497},
   adsurl = {http://adsabs.harvard.edu/abs/1999A$\%$26AS..138...87C},
  adsnote = {Provided by the SAO/NASA Astrophysics Data System}
}

%%%%%%%%%%%%%%%%%%%%%%%%%%%
%%%%%%%% HD 119285

@ARTICLE{1995MNRAS.274.1165P,
   author = {{Pye}, J.~P. and {McGale}, P.~A. and {Allan}, D.~J. and {Barber}, C.~R. and 
	{Bertram}, D. and {Denby}, M. and {Page}, C.~G. and {Ricketts}, M.~J. and 
	{Stewart}, B.~C. and {West}, R.~G.},
    title = "{The ROSAT Wide Field Camera all-sky survey of extreme-ultraviolet sources - II. The 2RE Source Catalogue}",
  journal = {MNRAS},
 keywords = {SPACE VEHICLES, CATALOGUES, STARS: LATE TYPE, WHITE DWARFS, ULTRAVIOLET: GENERAL, X-RAYS: GENERAL},
     year = 1995,
    month = jun,
   volume = 274,
    pages = {1165-1193},
      doi = {10.1093/MNRAS/274.4.1165},
   adsurl = {http://adsabs.harvard.edu/abs/1995MNRAS.274.1165P},
  adsnote = {Provided by the SAO/NASA Astrophysics Data System}
}


%%%%%%%%%%%%%%%%%%%%%%%%%%%%
%%%%%%%% HD 156026

@ARTICLE{1990A&A...235..291S,
   author = {{Saar}, S.~H. and {Nordstrom}, B. and {Andersen}, J.},
    title = "{Physical parameters for three chromospherically active binaries}",
  journal = {A$\&$A},
 keywords = {Binary Stars, Chromosphere, Stellar Activity, Stellar Physics, Radial Velocity, Starspots, Stellar Models, Stellar Orbits, Stellar Spectra, Stellar Spectrophotometry},
     year = 1990,
    month = aug,
   volume = 235,
    pages = {291-304},
   adsurl = {http://adsabs.harvard.edu/abs/1990A$\%$26A...235..291S},
  adsnote = {Provided by the SAO/NASA Astrophysics Data System}
}

@ARTICLE{1995ApJ...450..896B,
   author = {{Baliunas}, S. and {Soon}, W.},
    title = "{Are Variations in the Length of the Activity Cycle Related to Changes in Brightness in Solar-Type Stars?}",
  journal = {ApJ},
 keywords = {STARS: ACTIVITY, STARS: CHROMOSPHERES, STARS: LATE-TYPE, STARS: MAGNETIC FIELDS, SUN: ACTIVITY, SUN: SUNSPOTS},
     year = 1995,
    month = sep,
   volume = 450,
    pages = {896},
      doi = {10.1086/176193},
   adsurl = {http://adsabs.harvard.edu/abs/1995ApJ...450..896B},
  adsnote = {Provided by the SAO/NASA Astrophysics Data System}
}

@ARTICLE{2016A&A...590A.133O,
   author = {{Oláh}, K. and {Kövári}, Z. and {Petrovay}, K. and 
	{Soon}, W. and {Baliunas}, S. and {Kolláth}, Z. and {Vida}, K.
	},
    title = "{Magnetic cycles at different ages of stars}",
  journal = {A$\&$A},
archivePrefix = "arXiv",
   eprint = {1604.06701},
 primaryClass = "astro-ph.SR",
 keywords = {stars: activity, starspots, stars: late-type, stars: solar-type, Sun: activity},
     year = 2016,
    month = jun,
   volume = 590,
      eid = {A133},
    pages = {A133},
      doi = {10.1051/0004-6361/201628479},
   adsurl = {http://adsabs.harvard.edu/abs/2016A$\%$26A...590A.133O},
  adsnote = {Provided by the SAO/NASA Astrophysics Data System}
}

%%%%%%%%%%%%%%%%%%%%%%%%%%%%%%%%%%%%%%%%%%%%%%
%%%%%%%%%   Espectrocopia


@ARTICLE{2007A&A...469..309C,
   author = {{Cincunegui}, C. and {Díaz}, R.~F. and {Mauas}, P.~J.~D.
	},
    title = "{H{$\alpha$} and the Ca II H and K lines as activity proxies for late-type stars}",
  journal = {A$\&$A},
   eprint = {astro-ph/0703511},
 keywords = {stars: late-type, stars: activity, stars: chromospheres},
     year = 2007,
    month = jul,
   volume = 469,
    pages = {309-317},
      doi = {10.1051/0004-6361:20066503},
   adsurl = {http://adsabs.harvard.edu/abs/2007A$\%$26A...469..309C},
  adsnote = {Provided by the SAO/NASA Astrophysics Data System}
}

@ARTICLE{1978PASP...90..267V,
   author = {{Vaughan}, A.~H. and {Preston}, G.~W. and {Wilson}, O.~C.},
    title = "{Flux measurements of CA II H and K emission}",
  journal = {PASP},
 keywords = {Chromosphere, Emission Spectra, H Lines, K Lines, Stellar Spectrophotometry, Absorption Spectra, Spectrophotometers, Statistical Analysis},
     year = 1978,
    month = jun,
   volume = 90,
    pages = {267-274},
      doi = {10.1086/130324},
   adsurl = {http://adsabs.harvard.edu/abs/1978PASP...90..267V},
  adsnote = {Provided by the SAO/NASA Astrophysics Data System}
}

@ARTICLE{1959ApJ...130..366L,
   author = {{Leighton}, R.~B.},
    title = "{Observations of Solar Magnetic Fields in Plage Regions.}",
  journal = {ApJ},
     year = 1959,
    month = sep,
   volume = 130,
    pages = {366},
      doi = {10.1086/146727},
   adsurl = {http://adsabs.harvard.edu/abs/1959ApJ...130..366L},
  adsnote = {Provided by the SAO/NASA Astrophysics Data System}
}

@ARTICLE{1981ApJ...249..798W,
   author = {{White}, O.~R. and {Livingston}, W.~C.},
    title = "{Solar luminosity variation. III - Calcium K variation from solar minimum to maximum in cycle 21}",
  journal = {ApJ},
 keywords = {Calcium, H Lines, K Lines, Solar Cycles, Solar Spectra, Stellar Luminosity, Emission Spectra, Maxima, Minima, Solar Activity Effects, Spectral Line Width, Sunspot Cycle},
     year = 1981,
    month = oct,
   volume = 249,
    pages = {798-816},
      doi = {10.1086/159338},
   adsurl = {http://adsabs.harvard.edu/abs/1981ApJ...249..798W},
  adsnote = {Provided by the SAO/NASA Astrophysics Data System}
}

@ARTICLE{1991ApJS...76..383D,
   author = {{Duncan}, D.~K. and {Vaughan}, A.~H. and {Wilson}, O.~C. and 
	{Preston}, G.~W. and {Frazer}, J. and {Lanning}, H. and {Misch}, A. and 
	{Mueller}, J. and {Soyumer}, D. and {Woodard}, L. and {Baliunas}, S.~L. and 
	{Noyes}, R.~W. and {Hartmann}, L.~W. and {Porter}, A. and {Zwaan}, C. and 
	{Middelkoop}, F. and {Rutten}, R.~G.~M. and {Mihalas}, D.},
    title = "{CA II H and K measurements made at Mount Wilson Observatory, 1966-1983}",
  journal = {ApJs},
 keywords = {Stellar Activity, Stellar Composition, Stellar Spectrophotometry, Calcium, Continuous Spectra, Hydrogen, Potassium, Stellar Spectra},
     year = 1991,
    month = may,
   volume = 76,
    pages = {383-430},
      doi = {10.1086/191572},
   adsurl = {http://adsabs.harvard.edu/abs/1991ApJS...76..383D},
  adsnote = {Provided by the SAO/NASA Astrophysics Data System}
}

@ARTICLE{1980PASP...92..385V,
   author = {{Vaughan}, A.~H. and {Preston}, G.~W.},
    title = "{A survey of chromospheric CA II H and K emission in field stars of the solar neighborhood}",
  journal = {PASP},
 keywords = {Calcium, Chromosphere, H Lines, K Lines, Main Sequence Stars, Stellar Spectra, G Stars, Hertzsprung-Russell Diagram, M Stars, Milky Way Galaxy},
     year = 1980,
    month = aug,
   volume = 92,
    pages = {385-391},
      doi = {10.1086/130683},
   adsurl = {http://adsabs.harvard.edu/abs/1980PASP...92..385V},
  adsnote = {Provided by the SAO/NASA Astrophysics Data System}
}

@ARTICLE{2007AJ....133..862H,
   author = {{Hall}, J.~C. and {Lockwood}, G.~W. and {Skiff}, B.~A.},
    title = "{The Activity and Variability of the Sun and Sun-like Stars. I. Synoptic Ca II H and K Observations}",
  journal = {Aj},
 keywords = {stars: activity, Sun: activity},
     year = 2007,
    month = mar,
   volume = 133,
    pages = {862-881},
      doi = {10.1086/510356},
   adsurl = {http://adsabs.harvard.edu/abs/2007AJ....133..862H},
  adsnote = {Provided by the SAO/NASA Astrophysics Data System}
}

@ARTICLE{2004yCat..21520261W,
   author = {{Wright}, J.~T. and {Marcy}, G.~W. and {Butler}, R.~P. and {Vogt}, S.~S.
	},
    title = "{VizieR Online Data Catalog: Chromospheric Ca II emission in nearby stars (Wright+, 2004)}",
  journal = {VizieR Online Data Catalog},
 keywords = {Stars: nearby, Stars: atmospheres, Stars: dwarfs},
     year = 2004,
    month = jul,
   volume = 215,
   adsurl = {http://adsabs.harvard.edu/abs/2004yCat..21520261W},
  adsnote = {Provided by the SAO/NASA Astrophysics Data System}
}

@ARTICLE{1996AJ....111..439H,
   author = {{Henry}, T.~J. and {Soderblom}, D.~R. and {Donahue}, R.~A. and 
	{Baliunas}, S.~L.},
    title = "{A Survey of Ca II H and K Chromospheric Emission in Southern Solar-Type Stars}",
  journal = {Aj},
 keywords = {STARS: CHROMOSPHERES, STARS: ABUNDANCES},
     year = 1996,
    month = jan,
   volume = 111,
      doi = {10.1086/117796},
   adsurl = {http://adsabs.harvard.edu/abs/1996AJ....111..439H},
  adsnote = {Provided by the SAO/NASA Astrophysics Data System}
}


@ARTICLE{2002MNRAS.332..759T,
   author = {{Tinney}, C.~G. and {McCarthy}, C. and {Jones}, H.~R.~A. and 
	{Butler}, R.~P. and {Carter}, B.~D. and {Marcy}, G.~W. and {Penny}, A.~J.
	},
    title = "{Echelle spectroscopy of Caii HK activity in Southern Hemisphere planet search targets}",
  journal = {MNRAS},
   eprint = {astro-ph/0201494},
 keywords = {stars: activity, stars: low-mass, brown dwarfs, planetary systems, ultraviolet: stars},
     year = 2002,
    month = may,
   volume = 332,
    pages = {759-763},
      doi = {10.1046/j.1365-8711.2002.05370.x},
   adsurl = {http://adsabs.harvard.edu/abs/2002MNRAS.332..759T},
  adsnote = {Provided by the SAO/NASA Astrophysics Data System}
}

@INPROCEEDINGS{1998ASPC..154..153B,
   author = {{Baliunas}, S.~L. and {Donahue}, R.~A. and {Soon}, W. and {Henry}, G.~W.
	},
    title = "{Activity Cycles in Lower Main Sequence and POST Main Sequence Stars: The HK Project}",
booktitle = {Cool Stars, Stellar Systems, and the Sun},
     year = 1998,
   series = {Astronomical Society of the Pacific Conference Series},
   volume = 154,
   editor = {{Donahue}, R.~A. and {Bookbinder}, J.~A.},
    pages = {153},
   adsurl = {http://adsabs.harvard.edu/abs/1998ASPC..154..153B},
  adsnote = {Provided by the SAO/NASA Astrophysics Data System}
}

@ARTICLE{2003ANS...324...64O,
   author = {{Ossendrijver}, M.},
    title = "{Anelastic Simulations of Convection and Magnetic Fields in Cartesian Geometry}",
  journal = {Astronomische Nachrichten Supplement},
     year = 2003,
    month = jul,
   volume = 324,
    pages = {64},
   adsurl = {http://adsabs.harvard.edu/abs/2003ANS...324...64O},
  adsnote = {Provided by the SAO/NASA Astrophysics Data System}
}

@ARTICLE{2004ApJ...614..942H,
   author = {{Hall}, J.~C. and {Lockwood}, G.~W.},
    title = "{The Chromospheric Activity and Variability of Cycling and Flat Activity Solar-Analog Stars}",
  journal = {ApJ},
 keywords = {Stars: Activity, Sun: Activity},
     year = 2004,
    month = oct,
   volume = 614,
    pages = {942-946},
      doi = {10.1086/423926},
   adsurl = {http://adsabs.harvard.edu/abs/2004ApJ...614..942H},
  adsnote = {Provided by the SAO/NASA Astrophysics Data System}
}

@ARTICLE{1989ApJ...341.1035S,
   author = {{Schrijver}, C.~J. and {Dobson}, A.~K. and {Radick}, R.~R.},
    title = "{The magnetic, basal, and radiative-equilibrium components in Mount Wilson CA II H + K fluxes}",
  journal = {ApJ},
 keywords = {Cool Stars, Dwarf Stars, Stellar Atmospheres, Stellar Composition, Stellar Spectra, Calcium, Chromosphere, H Lines, K Lines, Stellar Magnetic Fields, Stellar Rotation},
     year = 1989,
    month = jun,
   volume = 341,
    pages = {1035-1044},
      doi = {10.1086/167561},
   adsurl = {http://adsabs.harvard.edu/abs/1989ApJ...341.1035S},
  adsnote = {Provided by the SAO/NASA Astrophysics Data System}
}

@ARTICLE{1988ApJ...328..347F,
   author = {{Foukal}, P. and {Lean}, J.},
    title = "{Magnetic modulation of solar luminosity by photospheric activity}",
  journal = {ApJ},
 keywords = {Magnetic Effects, Photosphere, Solar Activity, Stellar Luminosity, Faculae, Modulation, Nimbus 7 Satellite, Solar Magnetic Field, Solar Maximum Mission},
     year = 1988,
    month = may,
   volume = 328,
    pages = {347-357},
      doi = {10.1086/166297},
   adsurl = {http://adsabs.harvard.edu/abs/1988ApJ...328..347F},
  adsnote = {Provided by the SAO/NASA Astrophysics Data System}
}

@ARTICLE{1998ApJS..118..239R,
   author = {{Radick}, R.~R. and {Lockwood}, G.~W. and {Skiff}, B.~A. and 
	{Baliunas}, S.~L.},
    title = "{Patterns of Variation among Sun-like Stars}",
  journal = {ApJs},
 keywords = {STARS: ACTIVITY, STARS: LATE-TYPE, STARS: VARIABLES: OTHER, Stars: Activity, Stars: Late-Type, Stars: Variables: Other},
     year = 1998,
    month = sep,
   volume = 118,
    pages = {239-258},
      doi = {10.1086/313135},
   adsurl = {http://adsabs.harvard.edu/abs/1998ApJS..118..239R},
  adsnote = {Provided by the SAO/NASA Astrophysics Data System}
}

@ARTICLE{1984ApJ...279..763N,
   author = {{Noyes}, R.~W. and {Hartmann}, L.~W. and {Baliunas}, S.~L. and 
	{Duncan}, D.~K. and {Vaughan}, A.~H.},
    title = "{Rotation, convection, and magnetic activity in lower main-sequence stars}",
  journal = {ApJ},
 keywords = {Magnetic Stars, Main Sequence Stars, Stellar Activity, Stellar Magnetic Fields, Stellar Rotation, Chromosphere, Convection, Late Stars, Magnetoactivity},
     year = 1984,
    month = apr,
   volume = 279,
    pages = {763-777},
      doi = {10.1086/161945},
   adsurl = {http://adsabs.harvard.edu/abs/1984ApJ...279..763N},
  adsnote = {Provided by the SAO/NASA Astrophysics Data System}
}

@ARTICLE{2007ApJ...657..486B,
   author = {{Böhm-Vitense}, E.},
    title = "{Chromospheric Activity in G and K Main-Sequence Stars, and What It Tells Us about Stellar Dynamos}",
  journal = {ApJ},
 keywords = {Stars: Activity, Stars: Chromospheres, Stars: Late-Type, Stars: Rotation},
     year = 2007,
    month = mar,
   volume = 657,
    pages = {486-493},
      doi = {10.1086/510482},
   adsurl = {http://adsabs.harvard.edu/abs/2007ApJ...657..486B},
  adsnote = {Provided by the SAO/NASA Astrophysics Data System}
}


@ARTICLE{2004A&A...414..699C,
   author = {{Cincunegui}, C. and {Mauas}, P.~J.~D.},
    title = "{Library of flux-calibrated echelle spectra of southern late-type dwarfs with different activity levels}",
  journal = {A$\&$A},
 keywords = {atlases, stars: late-type},
     year = 2004,
    month = feb,
   volume = 414,
    pages = {699-706},
      doi = {10.1051/0004-6361:20031671},
   adsurl = {http://adsabs.harvard.edu/abs/2004A$\%$26A...414..699C},
  adsnote = {Provided by the SAO/NASA Astrophysics Data System}
}

@ARTICLE{2007A&A...474..345D,
   author = {{Díaz}, R.~F. and {González}, J.~F. and {Cincunegui}, C. and 
	{Mauas}, P.~J.~D.},
    title = "{The spectroscopic binary system Gl 375. I. Orbital parameters and chromospheric activity}",
  journal = {A$\&$A},
archivePrefix = "arXiv",
   eprint = {0708.2065},
 keywords = {binaries: spectroscopic, stars: activity, stars:, chromospheres, stars: flare, stars: fundamental parameters, stars: late-type},
     year = 2007,
    month = nov,
   volume = 474,
    pages = {345-353},
      doi = {10.1051/0004-6361:20078195},
   adsurl = {http://adsabs.harvard.edu/abs/2007A$\%$26A...474..345D},
  adsnote = {Provided by the SAO/NASA Astrophysics Data System}
}

@ARTICLE{2011AJ....141...34B,
   author = {{Buccino}, A.~P. and {Díaz}, R.~F. and {Luoni}, M.~L. and 
	{Abrevaya}, X.~C. and {Mauas}, P.~J.~D.},
    title = "{Long-term Chromospheric Activity in Southern M Dwarfs: Gl 229 a and Gl 752 A}",
  journal = {Aj},
archivePrefix = "arXiv",
   eprint = {1011.1137},
 primaryClass = "astro-ph.SR",
 keywords = {stars: activity, stars: late-type, techniques: photometric, techniques: spectroscopic},
     year = 2011,
    month = feb,
   volume = 141,
      eid = {34},
    pages = {34},
      doi = {10.1088/0004-6256/141/2/34},
   adsurl = {http://adsabs.harvard.edu/abs/2011AJ....141...34B},
  adsnote = {Provided by the SAO/NASA Astrophysics Data System}
}

@ARTICLE{2014ApJ...781L...9B,
   author = {{Buccino}, A.~P. and {Petrucci}, R. and {Jofre}, E. and 
	{Mauas}, P.~J.~D.},
    title = "{Possible Chromospheric Activity Cycles in AD Leo}",
  journal = {ApJl},
archivePrefix = "arXiv",
   eprint = {1312.3810},
 primaryClass = "astro-ph.SR",
 keywords = {stars: activity, stars: flare, stars: low-mass },
     year = 2014,
    month = jan,
   volume = 781,
      eid = {L9},
    pages = {L9},
      doi = {10.1088/2041-8205/781/1/L9},
   adsurl = {http://adsabs.harvard.edu/abs/2014ApJ...781L...9B},
  adsnote = {Provided by the SAO/NASA Astrophysics Data System}
}

@INPROCEEDINGS{2012IAUS..286..317M,
   author = {{Mauas}, P.~J.~D. and {Buccino}, A. and {Díaz}, R. and 
	{Vieytes}, M. and {Petrucci}, R. and {Jofre}, E. and {Abrevaya}, X. and 
	{Luoni}, M.~L. and {Valenzuela}, P.},
    title = "{12 years of stellar activity observations in Argentina}",
 keywords = {stars: activity, stars: late-type, stars: atmospheres,},
booktitle = {Comparative Magnetic Minima: Characterizing Quiet Times in the Sun and Stars},
     year = 2012,
   series = {IAU Symposium},
   volume = 286,
archivePrefix = "arXiv",
   eprint = {1204.4101},
 primaryClass = "astro-ph.SR",
   editor = {{Mandrini}, C.~H. and {Webb}, D.~F.},
    month = jul,
    pages = {317-323},
      doi = {10.1017/S1743921312005029},
   adsurl = {http://adsabs.harvard.edu/abs/2012IAUS..286..317M},
  adsnote = {Provided by the SAO/NASA Astrophysics Data System}
}


@ARTICLE{1990PASP..102.1181B,
   author = {{Bessell}, M.~S.},
    title = "{UBVRI passbands}",
  journal = {PASP},
 keywords = {Astronomical Photometry, Spectral Bands, Ubv Spectra, Charge Coupled Devices, Reference Stars, Stellar Color, Stellar Magnitude},
     year = 1990,
    month = oct,
   volume = 102,
    pages = {1181-1199},
      doi = {10.1086/132749},
   adsurl = {http://adsabs.harvard.edu/abs/1990PASP..102.1181B},
  adsnote = {Provided by the SAO/NASA Astrophysics Data System}
}

@ARTICLE{1978A&A....63..383H,
   author = {{Hardorp}, J.},
    title = "{The sun among the stars. I - A search for solar spectral analogs}",
  journal = {A$\&$A},
 keywords = {Abundance, Astronomical Catalogs, G Stars, Solar Spectra, Stellar Spectrophotometry, Ultraviolet Astronomy, Absorption Spectra, Albedo, Metals, Planetary Radiation, Stellar Temperature},
     year = 1978,
    month = feb,
   volume = 63,
    pages = {383-390},
   adsurl = {http://adsabs.harvard.edu/abs/1978A$\%$26A....63..383H},
  adsnote = {Provided by the SAO/NASA Astrophysics Data System}
}

@ARTICLE{1996A&ARv...7..243C,
   author = {{Cayrel de Strobel}, G.},
    title = "{Stars resembling the Sun}",
  journal = {A$\&$Ar},
 keywords = {Solar type stars, Color indices, Mass, Age, Chemical composition, Effective temperature, Luminosity, Bolometric magnitude, HR diagram, Chromospheric activity, Li-content},
     year = 1996,
   volume = 7,
    pages = {243-288},
      doi = {10.1007/s001590050006},
   adsurl = {http://adsabs.harvard.edu/abs/1996A$\%$26ARv...7..243C},
  adsnote = {Provided by the SAO/NASA Astrophysics Data System}
}

@INPROCEEDINGS{1998saco.conf...41S,
   author = {{Soderblom}, D.~R. and {King}, J.~R.},
    title = "{Solar-Type Stars: Basic Information on Their Classification and Characterization}",
booktitle = {Solar Analogs: Characteristics and Optimum Candidates.},
     year = 1998,
   editor = {{Hall}, J.~C.},
    pages = {41},
   adsurl = {http://adsabs.harvard.edu/abs/1998saco.conf...41S},
  adsnote = {Provided by the SAO/NASA Astrophysics Data System}
}

@ARTICLE{1984A&A...130..353R,
   author = {{Rutten}, R.~G.~M.},
    title = "{Magnetic structure in cool stars. VII - Absolute surface flux in CA II H and K line cores}",
  journal = {A$\&$A},
 keywords = {Calcium, Cool Stars, H Lines, K Lines, Late Stars, Magnetic Flux, Stellar Spectra, Magnetic Measurement, Stellar Activity, Stellar Cores, Stellar Structure, Stellar Temperature},
     year = 1984,
    month = jan,
   volume = 130,
    pages = {353-360},
   adsurl = {http://adsabs.harvard.edu/abs/1984A$\%$26A...130..353R},
  adsnote = {Provided by the SAO/NASA Astrophysics Data System}
}

@ARTICLE{1999ApJ...524..295S,
   author = {{Saar}, S.~H. and {Brandenburg}, A.},
    title = "{Time Evolution of the Magnetic Activity Cycle Period. II. Results for an Expanded Stellar Sample}",
  journal = {ApJ},
 keywords = {STARS: NOVAE, CATACLYSMIC VARIABLES, STARS: ACTIVITY, STARS: LATE-TYPE, STARS: MAGNETIC FIELDS, STARS: ROTATION, Stars: Novae, Cataclysmic Variables, Stars: Activity, Stars: Late-Type, Stars: Magnetic Fields, Stars: Rotation},
     year = 1999,
    month = oct,
   volume = 524,
    pages = {295-310},
      doi = {10.1086/307794},
   adsurl = {http://adsabs.harvard.edu/abs/1999ApJ...524..295S},
  adsnote = {Provided by the SAO/NASA Astrophysics Data System}
}

@ARTICLE{1986A&A...165..135R,
   author = {{Rodono}, M. and {Cutispoto}, G. and {Pazzani}, V. and {Catalano}, S. and 
	{Byrne}, P.~B. and {Doyle}, J.~G. and {Butler}, C.~J. and {Andrews}, A.~D. and 
	{Blanco}, C. and {Marilli}, E. and {Linsky}, J.~L. and {Scaltriti}, F. and 
	{Busso}, M. and {Cellino}, A. and {Hopkins}, J.~L. and {Okazaki}, A. and 
	{Hayashi}, S.~S. and {Zeilik}, M. and {Helston}, R. and {Henson}, G. and 
	{Smith}, P. and {Simon}, T.},
    title = "{Rotational modulation and flares on RS CVn and BY Dra-type stars. I - Photometry and SPOT models for BY Dra, AU Mic, AR Lac, II Peg and V 711 Tau (= HR 1099)}",
  journal = {A$\&$A},
 keywords = {Astronomical Photometry, Late Stars, Starspots, Stellar Flares, Stellar Rotation, Astronomical Models, Binary Stars, Stellar Spectra, Variable Stars},
     year = 1986,
    month = sep,
   volume = 165,
    pages = {135-156},
   adsurl = {http://adsabs.harvard.edu/abs/1986A$\%2$6A...165..135R},
  adsnote = {Provided by the SAO/NASA Astrophysics Data System}
}

@ARTICLE{1999A&A...350..626B,
   author = {{Berdyugina}, S.~V. and {Berdyugin}, A.~V. and {Ilyin}, I. and 
	{Tuominen}, I.},
    title = "{The active RS Canum Venaticorum binary II Pegasi. IV. The SPOT activity cycle}",
  journal = {A$\&$A},
 keywords = {STARS: ACTIVITY, STARS: IMAGING, STARS: INDIVIDUAL: II PEG, STARS: LATE-TYPE, STARS: STARSPOTS},
     year = 1999,
    month = oct,
   volume = 350,
    pages = {626-634},
   adsurl = {http://adsabs.harvard.edu/abs/1999A$\%$26A...350..626B},
  adsnote = {Provided by the SAO/NASA Astrophysics Data System}
}

@ARTICLE{2008A&A...480..495M,
   author = {{Messina}, S.},
    title = "{Long-term magnetic activity in close binary systems. I. Patterns of color variations}",
  journal = {A$\&$A},
archivePrefix = "arXiv",
   eprint = {0712.2117},
 keywords = {stars: activity, stars: binaries: close, stars: late-type, stars: magnetic fields, stars: starspots, techniques: photometric},
     year = 2008,
    month = mar,
   volume = 480,
    pages = {495-508},
      doi = {10.1051/0004-6361:20078932},
   adsurl = {http://adsabs.harvard.edu/abs/2008A$\%$26A...480..495M},
  adsnote = {Provided by the SAO/NASA Astrophysics Data System}
}

@ARTICLE{2007ApJ...659L.157B,
   author = {{Berdyugina}, S.~V. and {Henry}, G.~W.},
    title = "{Butterfly Diagram and Activity Cycles in HR 1099}",
  journal = {ApJl},
   eprint = {astro-ph/0703530},
 keywords = {Stars: Binaries: Spectroscopic, Stars: Activity, Stars: Individual: Bright Star Number: HR 1099, Stars: Rotation, Stars: Spots, Techniques: Photometric},
     year = 2007,
    month = apr,
   volume = 659,
    pages = {L157-L160},
      doi = {10.1086/517881},
   adsurl = {http://adsabs.harvard.edu/abs/2007ApJ...659L.157B},
  adsnote = {Provided by the SAO/NASA Astrophysics Data System}
}


@INPROCEEDINGS{2010IAUS..264..120L,
   author = {{Lanza}, A.~F.},
    title = "{Stellar magnetic cycles}",
 keywords = {Sun: activity, stars: late-type, stars: activity, stars: magnetic fields, planetary systems},
booktitle = {Solar and Stellar Variability: Impact on Earth and Planets},
     year = 2010,
   series = {IAU Symposium},
   volume = 264,
archivePrefix = "arXiv",
   eprint = {0909.4660},
 primaryClass = "astro-ph.SR",
   editor = {{Kosovichev}, A.~G. and {Andrei}, A.~H. and {Rozelot}, J.-P.
	},
    month = feb,
    pages = {120-129},
      doi = {10.1017/S1743921309992523},
   adsurl = {http://adsabs.harvard.edu/abs/2010IAUS..264..120L},
  adsnote = {Provided by the SAO/NASA Astrophysics Data System}
}


@ARTICLE{1981ARA&A..19..295B,
   author = {{Boehm-Vitense}, E.},
    title = "{The effective temperature scale}",
  journal = {ARA$\&$A},
 keywords = {M Stars, Main Sequence Stars, O Stars, Red Giant Stars, Stellar Temperature, Supergiant Stars, A Stars, Astronomical Netherlands Satellite, B Stars, Dwarf Stars, F Stars, Iue, Oao 2, Rayleigh Scattering, Satellite Observation, Spectral Energy Distribution, Td-1 Satellite},
     year = 1981,
   volume = 19,
    pages = {295-317},
      doi = {10.1146/annurev.aa.19.090181.001455},
   adsurl = {http://adsabs.harvard.edu/abs/1981ARA$\%$26A..19..295B},
  adsnote = {Provided by the SAO/NASA Astrophysics Data System}
}

@ARTICLE{1993yCat.3135....0C,
   author = {{Cannon}, A.~J. and {Pickering}, E.~C.},
    title = "{VizieR Online Data Catalog: Henry Draper Catalogue and Extension, published in Ann. Harvard Obs. 91-100 (1918-1925)}",
  journal = {VizieR Online Data Catalog},
 keywords = {Spectral types, Surveys},
     year = 1993,
   volume = 3135,
   adsurl = {http://adsabs.harvard.edu/abs/1993yCat.3135....0C},
  adsnote = {Provided by the SAO/NASA Astrophysics Data System}
}

@ARTICLE{2011arXiv1107.5325L,
   author = {{Lovis}, C. and {Dumusque}, X. and {Santos}, N.~C. and {Bouchy}, F. and 
	{Mayor}, M. and {Pepe}, F. and {Queloz}, D. and {Ségransan}, D. and 
	{Udry}, S.},
    title = "{The HARPS search for southern extra-solar planets. XXXI. Magnetic activity cycles in solar-type stars: statistics and impact on precise radial velocities}",
  journal = {ArXiv e-prints},
archivePrefix = "arXiv",
   eprint = {1107.5325},
 primaryClass = "astro-ph.SR",
 keywords = {Astrophysics - Solar and Stellar Astrophysics, Astrophysics - Earth and Planetary Astrophysics},
     year = 2011,
    month = jul,
   adsurl = {http://adsabs.harvard.edu/abs/2011arXiv1107.5325L},
  adsnote = {Provided by the SAO/NASA Astrophysics Data System}
}

%%%%%%%%%%%%%%%%%%

@ARTICLE{2005BAAA...48..207V,
   author = {{Vieytes}, M. and {Mauas}, P.~J.~D.},
    title = "{Chromospheric models of stars of spectral type K}",
  journal = {Boletín de la Asociación Argentina de Astronomía La Plata Argentina},
     year = 2005,
   volume = 48,
    pages = {207-210},
   adsurl = {http://adsabs.harvard.edu/abs/2005BAAA...48..207V},
  adsnote = {Provided by the SAO/NASA Astrophysics Data System}
}

@ARTICLE{2009MNRAS.398.1495V,
   author = {{Vieytes}, M.~C. and {Mauas}, P.~J.~D. and {Díaz}, R.~F.
	},
    title = "{Chromospheric changes in K stars with activity}",
  journal = {MNRAS},
archivePrefix = "arXiv",
   eprint = {0906.1760},
 primaryClass = "astro-ph.SR",
 keywords = {radiative transfer , stars: activity , stars: atmospheres},
     year = 2009,
    month = sep,
   volume = 398,
    pages = {1495-1504},
      doi = {10.1111/j.1365-2966.2009.15207.x},
   adsurl = {http://adsabs.harvard.edu/abs/2009MNRAS.398.1495V},
  adsnote = {Provided by the SAO/NASA Astrophysics Data System}
}


@INPROCEEDINGS{2012IAUS..286..324B,
   author = {{Buccino}, A.~P. and {Vieytes}, M.~C. and {Mauas}, P.~J.~D.},
    title = "{A statistical analysis of H{$\alpha$}-Ca II relation for solar-type stars of different activity levels}",
 keywords = {stars: activity, late-type, line: profiles, methods: statistical,},
booktitle = {Comparative Magnetic Minima: Characterizing Quiet Times in the Sun and Stars},
     year = 2012,
   series = {IAU Symposium},
   volume = 286,
   editor = {{Mandrini}, C.~H. and {Webb}, D.~F.},
    month = jul,
    pages = {324-327},
      doi = {10.1017/S1743921312005030},
   adsurl = {http://adsabs.harvard.edu/abs/2012IAUS..286..324B},
  adsnote = {Provided by the SAO/NASA Astrophysics Data System}
}


@ARTICLE{2007A&A...461.1107C,
   author = {{Cincunegui}, C. and {Díaz}, R.~F. and {Mauas}, P.~J.~D.
	},
    title = "{A possible activity cycle in <ASTROBJ>Proxima Centauri</ASTROBJ>}",
  journal = {A$\&$A},
   eprint = {astro-ph/0703514},
 keywords = {stars: activity, stars: chromospheres, stars: flare, stars: individual: Proxima Centauri},
     year = 2007,
    month = jan,
   volume = 461,
    pages = {1107-1113},
      doi = {10.1051/0004-6361:20066027},
   adsurl = {http://adsabs.harvard.edu/abs/2007A$\%$26A...461.1107C},
  adsnote = {Provided by the SAO/NASA Astrophysics Data System}
}


@ARTICLE{2013ApJ...763L..26M,
   author = {{Metcalfe}, T.~S. and {Buccino}, A.~P. and {Brown}, B.~P. and 
	{Mathur}, S. and {Soderblom}, D.~R. and {Henry}, T.~J. and {Mauas}, P.~J.~D. and 
	{Petrucci}, R. and {Hall}, J.~C. and {Basu}, S.},
    title = "{Magnetic Activity Cycles in the Exoplanet Host Star epsilon Eridani}",
  journal = {ApJ},
archivePrefix = "arXiv",
   eprint = {1212.4425},
 primaryClass = "astro-ph.SR",
 keywords = {stars: activity, stars: chromospheres, stars: individual: HD 22049, surveys },
     year = 2013,
    month = feb,
   volume = 763,
      eid = {L26},
    pages = {L26},
      doi = {10.1088/2041-8205/763/2/L26},
   adsurl = {http://adsabs.harvard.edu/abs/2013ApJ...763L..26M},
  adsnote = {Provided by the SAO/NASA Astrophysics Data System}
}

@ARTICLE{romina,
        author = {{Ibanez Bustos}, R.~V. and {Flores}, M. and {Mauas}, P.~J.~D. and {Buccino}, A.~P.},
         title = "{Actividad Cromosférica en Estrellas Frías }",
       journal = {Boletín de la Asociación Argentina de Astronomía San Juan Argentina},
          year = 2017,
       adsnote = {En prensa.}
}

@ARTICLE{1997AcA....47..467P,
   author = {{Pojmanski}, G.},
    title = "{The All Sky Automated Survey}",
  journal = {Acta Astron.},
   eprint = {astro-ph/9712146},
 keywords = {SURVEYS, TELESCOPES, TECHNIQUES: PHOTOMETRIC},
     year = 1997,
    month = oct,
   volume = 47,
    pages = {467-481},
   adsurl = {http://adsabs.harvard.edu/abs/1997AcA....47..467P},
  adsnote = {Provided by the SAO/NASA Astrophysics Data System}
}

@ARTICLE{1991SoPh..134...15R,
   author = {{Rutten}, R.~J. and {Uitenbroek}, H.},
    title = "{CA II H(2v) and K(2v) cell grains}",
  journal = {Sol.~Phys.},
 keywords = {Calcium, Hydrogen, Potassium, Resonance Lines, Solar Granulation, Limb Darkening, Solar Oscillations, Solar Spectra},
     year = 1991,
    month = jul,
   volume = 134,
    pages = {15-71},
      doi = {10.1007/BF00148739},
   adsurl = {http://adsabs.harvard.edu/abs/1991SoPh..134...15R},
  adsnote = {Provided by the SAO/NASA Astrophysics Data System}
}

@ARTICLE{2017MNRAS.464.4299F,
   author = {{Flores}, M.~G. and {Buccino}, A.~P. and {Saffe}, C.~E. and 
	{Mauas}, P.~J.~D.},
    title = "{A possible long-term activity cycle for $\iota$ Horologii: First results from SPI-HK$\alpha$ project}",
  journal = {MmRAS},
archivePrefix = "arXiv",
   eprint = {1610.03731},
 primaryClass = "astro-ph.SR",
 keywords = {planet-star interactions, stars: activity, stars: individual: {$\iota$} Horologii},
     year = 2017,
    month = feb,
   volume = 464,
    pages = {4299-4305},
      doi = {10.1093/mnras/stw2650},
   adsurl = {http://adsabs.harvard.edu/abs/2017MNRAS.464.4299F},
  adsnote = {Provided by the SAO/NASA Astrophysics Data System}
}


%%%%%%%%%%%%    Apendice


@BOOK{1992nrfa.book.....P,
   author = {{Press}, W.~H. and {Teukolsky}, S.~A. and {Vetterling}, W.~T. and 
	{Flannery}, B.~P.},
    title = "{Numerical recipes in FORTRAN. The art of scientific computing}",
booktitle = {Cambridge: University Press, |c1992, 2nd ed.},
     year = 1992,
   adsurl = {http://adsabs.harvard.edu/abs/1992nrfa.book.....P},
  adsnote = {Provided by the SAO/NASA Astrophysics Data System}
}


@ARTICLE{1986ApJ...302..757H,
   author = {{Horne}, J.~H. and {Baliunas}, S.~L.},
    title = "{A prescription for period analysis of unevenly sampled time series}",
  journal = {ApJ},
 keywords = {Computational Astrophysics, Periodic Functions, Time Series Analysis, Fourier Analysis, Probability Distribution Functions, Sampling, Signal To Noise Ratios, Variance (Statistics)},
     year = 1986,
    month = mar,
   volume = 302,
    pages = {757-763},
      doi = {10.1086/164037},
   adsurl = {http://adsabs.harvard.edu/abs/1986ApJ...302..757H},
  adsnote = {Provided by the SAO/NASA Astrophysics Data System}
}

@ARTICLE{1982ApJ...263..835S,
   author = {{Scargle}, J.~D.},
    title = "{Studies in astronomical time series analysis. II - Statistical aspects of spectral analysis of unevenly spaced data}",
  journal = {ApJ},
 keywords = {Astronomy, Signal Detection, Spectrum Analysis, Statistical Distributions, Time Series Analysis, Fourier Transformation, Frequency Response, Power Spectra, Signal To Noise Ratios},
     year = 1982,
    month = dec,
   volume = 263,
    pages = {835-853},
      doi = {10.1086/160554},
   adsurl = {http://adsabs.harvard.edu/abs/1982ApJ...263..835S},
  adsnote = {Provided by the SAO/NASA Astrophysics Data System}
}

@ARTICLE{1976Ap&SS..39..447L,
   author = {{Lomb}, N.~R.},
    title = "{Least-squares frequency analysis of unequally spaced data}",
  journal = {Ap$\&$SS},
 keywords = {Astronomy, Data Reduction, Least Squares Method, Background Noise, Power Spectra, Sine Waves, Spectrum Analysis, Statistical Analysis, Variable Stars},
     year = 1976,
    month = feb,
   volume = 39,
    pages = {447-462},
      doi = {10.1007/BF00648343},
   adsurl = {http://adsabs.harvard.edu/abs/1976Ap%26SS..39..447L},
  adsnote = {Provided by the SAO/NASA Astrophysics Data System}
}

